<record><leader>00000cas a22000007a 4500</leader><controlfield tag="001">13351254</controlfield><controlfield tag="008">860327d19111914iaudn ne      0    0eng d</controlfield><datafield ind1=" " ind2=" " tag="010"><subfield code="a">sn 86060031 </subfield></datafield><datafield ind1=" " ind2=" " tag="040"><subfield code="a">INP</subfield><subfield code="b">eng</subfield><subfield code="c">INP</subfield><subfield code="d">OCLCQ</subfield></datafield><datafield ind1=" " ind2=" " tag="042"><subfield code="a">msc</subfield></datafield><datafield ind1="0" ind2=" " tag="130"><subfield code="a">Burlington daily gazette (Burlington, Iowa : 1911)</subfield></datafield><datafield ind1="1" ind2="0" tag="245"><subfield code="a">Burlington daily gazette.</subfield></datafield><datafield ind1="3" ind2="0" tag="246"><subfield code="a">Daily gazette</subfield><subfield code="f">May 20, 1911-Feb. 24, 1914</subfield></datafield><datafield ind1="3" ind2="0" tag="246"><subfield code="a">Burlington gazette</subfield><subfield code="f">May 4-19, 1911</subfield></datafield><datafield ind1=" " ind2=" " tag="260"><subfield code="a">Burlington, Iowa :</subfield><subfield code="b">[s.n.],</subfield><subfield code="c">1911-1914.</subfield></datafield><datafield ind1=" " ind2=" " tag="300"><subfield code="a">v. :</subfield><subfield code="b">ill. ;</subfield><subfield code="c">58 cm.</subfield></datafield><datafield ind1=" " ind2=" " tag="310"><subfield code="a">Daily (except Sunday)</subfield></datafield><datafield ind1="0" ind2=" " tag="362"><subfield code="a">May 4, 1911-Feb. 4, 1913; 76th year, no. 1 (Jan. 1, 1914)-77th year, no. 173 (Aug. 3, 1914).</subfield></datafield><datafield ind1=" " ind2=" " tag="500"><subfield code="a">Publisher: Gazette Co., &lt;May 1&gt;-Aug. 3, 1914.</subfield></datafield><datafield ind1=" " ind2=" " tag="500"><subfield code="a">Editor: George A. Stivers, &lt;May 1, 1914&gt;-Aug. 3, 1914.</subfield></datafield><datafield ind1=" " ind2=" " tag="752"><subfield code="a">United States</subfield><subfield code="b">Iowa</subfield><subfield code="c">Des Moines</subfield><subfield code="d">Burlington.</subfield></datafield><datafield ind1="0" ind2="0" tag="780"><subfield code="t">Burlington evening gazette</subfield><subfield code="w">(DLC)sn 86060030</subfield></datafield><datafield ind1="0" ind2="0" tag="785"><subfield code="t">Burlington gazette (Burlington, Iowa : 1914)</subfield><subfield code="w">(DLC)sn 86060032</subfield></datafield><datafield ind1="1" ind2=" " tag="029"><subfield code="a">AU@</subfield><subfield code="b">000025807610</subfield></datafield></record>